% A %

% B %

% C %

% D %

% P $
% article -- journal article
% inProceedings -- conference proceedings
% misc -- news articles, medium.com, ...
% PhDThesis -- 
% MSCSThesis --

@misc{medium:mosley,
  author = {S. Mosley},
  title = {Why Your Students Think Your Class is Boring and How to Fix It},
  url = {https://samosley01.medium.com/why-youre-students-think-your-class-is-boring-and-how-to-fix-it-fba7847d1719},
  month = {March},
  year = {2022}
}

@misc{tophat:persaud,
  author = {C. Persaud},
  title = {Clickers: The Ultimate Guide},
  url = {https://tophat.com/blog/classroom-clickers/},
  month = {July},
  year = {2023}
}

@misc{tophat:tamosevicius,
  author = {R Tamosevicius},
  title = {Why is game based learning important?},
  url = {https://elearningindustry.com/why-is-game-based-learning-important},
  month = {November},
  year = {2022}
}

@misc{cmu,
  author = "{Carnegie Mellon University}",
  title = {Students Lack Interest or Motivation},
  url = {https://www.cmu.edu/teaching/solveproblem/strat-lackmotivation/index.html},
  year = {n.d.}
}

@article {mora,
    author = "R. Mora",
    title = "School Is So Boring: High-Stakes Testing and Boredom at an Urban Middle School",
    journal = "PennGSE Perspectives on Urban Education",
    volume = "9",
    year = "2011"
}

@article {clickers2010,
    author = "Diane Bunce and Elizabeth Flens and Kelly Neiles",
    title = "How long can students pay attention in class? A study of student attention decline using clickers",
    journal = "Journal of Chemical Education",
    year = "2010"
}

@article{popularity2024,
    author = "Leonardo Mendez,  Leonardo Cunha, and Renio Mendez",
    title = "Popularity of Video Games and Collective Memory",
    journal = "N.A",
    year = "2024"
}

@article{gameOn,
    author = "Maxwell Hartt and Hadi Hosseini and Mehrnaz Mostafapour",
    title = "Game On: Exploring the Effectiveness of Game-based Learning",
    journal = "Planning Practice and Research",
    volume = "22",
    number = "5",
    pages = "589--604",
    year = "2020"
}

@article{watson2011,
    author = "William R. Watson and Christopher J. Mong and Constance A. Harris",
    title = "A case study of the in-class use of a video game for teaching high school history",
    journal = "Elsevier Computers and Education",
    volume = "56",
    number = "2",
    pages = "466--474",
    year = "2011"
}

@article{mozelius2017,
    author = "Peter Mozelius and Wilfredo Hernandez and Johan Sällström and Andreas Hellerstedt",
    title = "TEACHER ATTITUDES TOWARD GAME-BASED LEARNINGIN HISTORY EDUCATION",
    journal = "International Journal of Information and Communication",
    volume = "5",
    number = "2",
    pages = "29--50",
    year = "2017"
}

@article{baker2008,
    author = "Ryan Baker, et al",
    title = "Why Students Engage in “Gaming the System” Behavior in Interactive Learning Environments",
    journal = "International Journal of English and Literature",
    volume = "19",
    number = "2",
    year = "2008"
}

@article{Mendes2022,
  author = {Luis O. Mendes and Luan R. Cunha and Ronaldo S. Mendes},
  title = {Popularity of Video Games and Collective Memory},
  journal = {Entropy},
  year = {2022},
  volume = {24},
  number = {7},
  pages = {860},
  doi = {10.3390/e24070860}
}

@article{markeduc,
	title = {Educational {Games} in {Practice}: {The} challenges involved in conducting a game-based curriculum},
	volume = {14},
		language = {en},
	number = {2},
	author = {Marklund, Björn Berg and Taylor, Anna-Sofia Alklind},
	year = {2016}
}

@article{apho,
  author = {Annie Pho and Amanda Dinscore},
  title = {Game-Based Learning},
  journal = {Spring 2015},
  year = {2015},
}


@article{mccall_teaching_2016,
	title = {Teaching {History} {With} {Digital} {Historical} {Games}: {An} {Introduction} to the {Field} and {Best} {Practices}},
	volume = {47},
	issn = {1046-8781, 1552-826X},
	shorttitle = {Teaching {History} {With} {Digital} {Historical} {Games}},
	url = {http://journals.sagepub.com/doi/10.1177/1046878116646693},
	doi = {10.1177/1046878116646693},
	number = {4},
	urldate = {2024-06-05},
	journal = {Simulation \& Gaming},
	author = {McCall, Jeremiah},
	month = aug,
	year = {2016},
	pages = {517--542},
}

@article{najuah_effectiveness_2023,
	title = {Effectiveness {Of} {Use} {Of} {Historical} {Educational} {Games} {On} {Student} {Learning} {Outcomes}},
	volume = {4},
	copyright = {Copyright (c) 2023 International Journal of Educational Research and Social Sciences (IJERSC)},
	issn = {2774-5406},
	url = {https://ijersc.org/index.php/go/article/view/597},
	doi = {10.51601/ijersc.v4i1.597},
	number = {1},
	urldate = {2024-06-05},
	journal = {International Journal of Educational Research \& Social Sciences},
	author = {Najuah, N. and Sidiq, Ricu and Lukitoyo, Pristi Suhendro},
	month = feb,
	year = {2023},
	note = {Number: 1},
	keywords = {Animated Videos, History, Educational Games, Effectiveness, Learning Outcomes},
	pages = {94--99},
}

@article{adipat_engaging_2021,
	title = {Engaging {Students} in the {Learning} {Process} with {Game}-{Based} {Learning}: {The} {Fundamental} {Concepts}},
	volume = {4},
	copyright = {https://creativecommons.org/licenses/by-nc-sa/4.0},
	issn = {2689-2758},
	shorttitle = {Engaging {Students} in the {Learning} {Process} with {Game}-{Based} {Learning}},
	url = {https://ijte.net/index.php/ijte/article/view/169},
	doi = {10.46328/ijte.169},
	number = {3},
	urldate = {2024-07-02},
	journal = {International Journal of Technology in Education},
	author = {Adipat, Surattana and Laksana, Kittisak and Busayanon, Kanrawee and Ausawasowan, Alongkorn and Adipat, Boonlit},
	month = jul,
	year = {2021},
	pages = {542--552},
}

@article{Hara,
    author = "Garcia, M ",
    title = "Augmented Reality in History Education: An Immersive Storytelling of American Colonisation Period in the Philippines",
    journal = "International Journal of Learning Technology",
    volume = "15",
    issue = "3",
    pages = "234--254",
    year = "2020",
    doi = "https://doi.org/10.1504/IJLT.2020.112170"
}

@article{ARVRRome,
    author = "Remolar Inmaculada and Christina Rebollo and Jon Fernández-Moyano",
    title = "Learning History Using Virtual and Augmented Reality",
    journal = "MDPI",
    volume = "10",
    issue = "11",
    year = "2021",
    doi = "https://doi.org/10.3390/computers10110146"
}

@article{immersionAR,
    author = "Donghee Shin",
    title = "How does immersion work in augmented realitygames? A user-centric view of immersion andengagement",
    journal = "Information, Communication & Society",
    volume = "22",
    issue = "9",
    year = "2019",
    doi = "https://doi.org/10.1080/1369118X.2017.1411519"
}

@misc{SteamCharts,
  author = {{Steam}},
  title = {Steam Charts},
  year = {2024},
  url = {https://store.steampowered.com/charts/},
  note = {Accessed: 2024-07-02}
}

@misc{enterpriseappstoday2023,
  title = {Video Game Industry Statistics 2024 - By Revenue and Players},
  author = {Enterprise Apps Today},
  year = {2023},
  url = {https://www.enterpriseappstoday.com}
}

@inproceedings{malone1980fun,
  author = {Malone, Thomas W.},
  title = {What makes things fun to learn? heuristics for designing instructional computer games},
  year = {1980},
  booktitle = {Proceedings of the 3rd ACM SIGSMALL Symposium and the First SIGPC Symposium on Small Systems},
  pages = {162--169},
  publisher = {Association for Computing Machinery},
  address = {New York, NY, USA},
  doi = {10.1145/800088.802839},
  url = {https://doi.org/10.1145/800088.802839}
}

@book{mccall2022gaming,
  author = {McCall, Jeremiah},
  title = {Gaming the Past: Using Video Games to Teach Secondary History},
  edition = {2nd},
  publisher = {Routledge},
  year = {2022},
  doi = {10.4324/9781003272229},
  url = {https://doi.org/10.4324/9781003272229}
}

@article{lamp2024,
    author = {Lampropoulos, Georgios and Vergara, Diego},
    year = {2024},
    month = {07},
    pages = {2917},
    title = {Affective Computing in Augmented Reality, Virtual Reality, and Immersive Learning Environments},
    volume = {13},
    journal = {Electronics},
    doi = {10.3390/electronics13152917}
}

@article{tsai2024,
    author = {Tsai, Yi-Wen and Huang, Yu-Ru and Zhang, Jia and Young, Fan-I},
    year = {2024},
    month = {05},
    pages = {},
    title = {Enhancing local identity learning and affective effectiveness through augmented reality Enhancing local identity learning and affective effectiveness through augmented reality},
    journal = {Interactive Learning Environments},
    doi = {10.1080/10494820.2024.2350650}
}

@article{suh2018,
    title = {The state of immersive technology research: A literature analysis},
    volume = {86},
    url = {https://www.sciencedirect.com/science/article/abs/pii/S0747563218301857},
    doi = {10.1016/j.chb.2018.04.019},
    journal = {Computers in Human Behavior},
    author = {Ayoung Suh, Jane Prophet},
    month = Sept,
    year = {2018},
    pages = {77-90}
}

@article{waters2012,
    title = {The World War II Era and 
Human Rights Education},
    url = {https://www.socialstudies.org/system/files/publications/articles/se_7606301.pdf?fbclid=IwZXh0bgNhZW0CMTEAAR0XIXi3u3i8ne4gxbC5J2184edKSdqiXGHklejlQhxnhFCfl2viD45asXk_aem_yYDBlJbK2U2IkVLQt3TP1A},
    author = {Stewart Waters, William B. Russell III},
    month = Nov,
    year = {2012},
    pages = {301–305}
}

@article{kim2019,
    title = {Teaching about the Comfort Women during World War II and the Use of Personal Stories of the Victims},
    volume = {24},
    author = {Jimin Kim, Beverly Milner (Lee) Bisland, Sunghee Shin},
    year = {2019},
    pages = {58-635}
}

@misc{midles2024,
   author = {Rebecca Midles},
   title = {Virtual Voyages: Augmented and Virtual Reality Point Toward an Immersive Learning Future},
   year = {2024},
   url = {https://www.gettingsmart.com/2024/06/18/virtual-voyages-augment-and-virtual-reality-point-toward-an-immersive-learning-future/},
   note = "Accessed August 02, 2024"
}

@article{marto2022,
    author = {Anabela Marto and Alexandrino Gonçalves},
    title = {Augmented Reality Games and Presence: A Systematic Review},
    volume = {8},
    issue = {4},
    year = {2022},
    journal = {MDPI},
    doi = {https://doi.org/10.3390/jimaging8040091}
}